<?xml version="1.0" encoding="UTF-8"?><collection xmlns="http://www.loc.gov/MARC21/slim"><record><leader>00398nam--2200157-i-4500</leader><controlfield tag="001">000030894</controlfield><controlfield tag="002">20161230</controlfield><controlfield tag="005">20170102002953</controlfield><controlfield tag="008">060222s1000------------r-----000-0-eng-d</controlfield><datafield ind1=" " ind2=" " tag="080"><subfield code="a">681.3:519.87(061.3)</subfield></datafield><datafield ind1=" " ind2=" " tag="245"><subfield code="a">Mathematical models in computer systems</subfield></datafield><datafield ind1=" " ind2=" " tag="260"><subfield code="a">Budapest</subfield><subfield code="b">Akad©♭miai Kiad©đ</subfield><subfield code="c">1981</subfield></datafield><datafield ind1=" " ind2=" " tag="300"><subfield code="a">371 p</subfield></datafield><datafield ind1=" " ind2=" " tag="700"><subfield code="a">Varga, L</subfield></datafield><datafield ind1=" " ind2=" " tag="852"><subfield code="a">71931</subfield></datafield><datafield ind1=" " ind2=" " tag="CAT"><subfield code="a">SYS</subfield><subfield code="c">20170102</subfield><subfield code="h">002953</subfield></datafield></record></collection>